@article{Meyeretal2003,
   author    = {David Meyer and Friedrich Leisch and Kurt Hornik},
   title     = {The Support Vector Machine Under Test},
   journal   = {Neurocomputing},
   pages     = {169--186},
   year      = {2003},
   volume    = {55},
   number    = {1--2}
}

@article{Breiman1996,
   author    = {Leo Breiman},
   title     = {Bagging Predictors},
   journal   = {Machine Learning},   
   pages     = {123--140},  
   year      = {1996},     
   volume    = {24},  
   number    = {2}
}

@article{SankarMammone1993,
    author = {Ananth Sankar and Richard J. Mammone},
    title = {Growing and Pruning Neural Tree Networks},
    journal = {IEEE Transactions on Computers},
    volume = 42,
    pages = {291--299}
}

@book{Vapnik1996,
    author   = {Vladimir N. Vapnik},
    title    = {The Nature of Statistical Learning Theory},
    year     = 1996,
    publisher = {Springer},
    address  = {New York}
}

@article{Breiman2001,
   author    = {Leo Breiman},
   title     = {Random Forests},
   journal   = {Machine Learning},
   pages     = {5--32},
   year      = {2001},
   volume    = {45},  
   number    = {1}    
}


@article{BuehlmannYu2003,
   author    = {Peter B{\"u}hlmann and Bin Yu},
   title     = {Boosting with {$L_2$} Loss: Regression and
       Classification},
   journal   = {Journal of the American Statistical
       Association},
   pages     = {324--338},
   year      = {2003},
   volume    = {98},
   number    = {462}
}


@article{LohVanichsetakul1988,
   author    = {Wei-Yin Loh and Nunta Vanichsetakul},
   title     = {Tree-Structured Classification via
                Generalized Discriminant Analysis},
   journal   = {Journal of the American Statistical Association},
   pages     = {715--725},
   note      = {with discussion},
   year      = {1988},
   volume    = {83}
}

@article{KimLoh2001,
   author    = {Hyunjoong Kim and Wei-Yin Loh},
   title     = {Classification Trees With Unbiased Multiway Splits},
   journal   = {Journal of the American Statistical Association},
   pages     = {589--604},
   year      = {2001},      
   month     = {June},   
   volume    = {96},     
   number    = {454}
}

@article{Loh2002,
   author    = {Wei-Yin Loh},
   title     = {Regression Trees With Unbiased Variable Selection and
                Interaction Detection},
   journal   = {Statistica Sinica},
   pages     = {361--386},
   year      = {2002},
   volume    = {12}
}

@article{LohShih1997,
   key       = {460},
   author    = {Wei-Yin Loh and Yu-Shan Shih},
   title     = {Split Selection Methods for Classification Trees},
   journal   = {Statistica Sinica},
   pages     = {815-840},
   year      = {1997},
   volume    = {7}
}

@article{Zhang1998,
   author    = {Heping Zhang},
   title     = {Classification Trees for Multiple Binary Responses},
   journal   = {Journal of the American Statistical Association},
   pages     = {180--193},
   year      = {1998},
   volume    = {93}
}

@article{OBrien2004, 
   author    = {Sean M. O'Brien},
   title     = {Cutpoint Selection for Categorizing a Continuous Predictor},
   journal   = {Biometrics},
   pages     = {504--509},
   year      = {2004},
   volume    = {60}
}

@book{Quinlan1993,
   author    = {John R. Quinlan},
   title     = {{C4.5}: Programs for Machine Learning},
   publisher = {Morgan Kaufmann Publ.},
   address   = {San Mateo, California},
   year      = {1993}
}

@article{MorganSonquist1963,
   author    = {James N. Morgan and John A. Sonquist},
   title     = {Problems in the Analysis of Survey Data, and a Proposal},
   journal   = {Journal of the American Statistical Association},
   pages     = {415--434},
   year      = {1963},
   volume    = {58}
}

@article{Suetal2004,
   author    = {Xiaogang Su and Morgan Wang and Juanjuan Fan},
   title     = {Maximum Likelihood Regression Trees},
   journal   = {Journal of Computational and Graphical Statistics},
   pages     = {586--598},
   year      = {2004},
   volume    = {13}
}

@article{KimLoh2003,
   author    = {Hyunjoong Kim and Wei-Yin Loh},
   title     = {Classification Trees With Bivariate Linear Discriminant
                Node Models},
   journal   = {Journal of Computational and Graphical Statistics},
   pages     = {512--530},
   year      = {2003},   
   volume    = {12}      
}

@book{Breimanetal1984,
   author    = {L. Breiman and J. H. Friedman and R. A. Olshen and C. J. Stone},
   title     = {Classification and Regression Trees},
   year      = {1984},
   publisher = {Wadsworth},
   address   = {California}
}

@article{ChanLoh2004,
    author   = {Kin-Yee Chan and Wei-Yin Loh},
    title    = {{LOTUS}: An Algorithm for Building Accurate and
                Comprehensible Logistic Regression Trees},
    journal  = {Journal of Computational and Graphical Statistics},
    year     = 2004,
    volume   = 13,
    number   = 4,
    pages    = {826--852}
}

@article{Samarovetal2005,
    author   = {Alexander Samarov and Vladimir Spokoiny and Celine Vial},
    title    = {Component Indentification and Estimation in Nonlinear
                High-Dimension Regression Models by Structural Adaptation},
    journal  = {Journal of the American Statistical Association},
    year     = 2005,
    volume   = 100,
    number   = 470,
    pages    = {429--445}
}

@article{Gama2004,
    author   = {Jo{\~a}o Gama},
    title    = {Functional Trees},
    journal  = {Machine Learning},
    year     = 2004,
    volume   = 55,
    pages    = {219--250}
}

@Book{White1994,
  author        = {Halbert White},
  title         = {Estimation, Inference and Specification Analysis},
  publisher     = {Cambridge University Press},
  year          = {1994}
}

@TechReport{ZeileisHornik2003,
  author	= {Achim Zeileis and Kurt Hornik},
  title		= {Generalized {M}-Fluctuation Tests for Parameter Instability},
  institution	= {SFB ``Adaptive Information Systems and Modelling in
                  Economics and Management Science''},
  year		= {2003},
  type		= {Report},
  number	= {80},
  month	        = {May},
  url		= {http://www.wu-wien.ac.at/am/reports.htm#80}
}

@Article{PlobergerKraemer1992,
  author	= {Werner Ploberger and Walter Kr{\"a}mer},
  title		= {The {CUSUM} Test With {OLS} Residuals},
  journal	= {Econometrica},
  year		= {1992},
  volume	= {60},
  number	= {2},
  pages		= {271--285}
}

@Article{ChuHornikKuan1995,
  author	= {Chia-Shang James Chu and Kurt Hornik and Chung-Ming Kuan},
  title		= {{MOSUM} Tests for Parameter Constancy},
  journal	= {Biometrika},
  year		= {1995},
  volume	= {82},
  pages		= {603--617}
}

@Article{Nyblom1989,
  author	= {Jukka Nyblom},
  title		= {Testing for the Constancy of Parameters Over Time},
  journal	= {Journal of the American Statistical Association},
  year		= {1989},
  volume	= {84},
  pages		= {223--230}
}

@Article{Andrews1993,
  author	= {Donald W. K. Andrews},
  title		= {Tests for Parameter Instability and Structural Change With
		   Unknown Change Point},
  journal	= {Econometrica},
  year		= {1993},
  volume	= {61},
  pages		= {821--856}
}

@Article{AndrewsPloberger1994,
  author	= {Donald W. K. Andrews and Werner Ploberger},
  title		= {Optimal Tests When a Nuisance Parameter is Present Only Under the
                   Alternative},
  journal	= {Econometrica},
  year		= {1994},
  volume	= {62},
  pages		= {1383--1414}
}

@Article{HjortKoning2002,
  author	= {Nils Lid Hjort and Alexander Koning},
  title		= {Tests for Constancy of Model Parameters Over Time},
  journal	= {Nonparametric Statistics},
  year		= {2002},
  volume	= {14},
  pages		= {113--132}
}

@Article{Zeileis2005,
  author	= {Achim Zeileis},
  title		= {A Unified Approach to Structural Change Tests Based on {ML} Scores,
                   {$F$} Statistics, and {OLS} Residuals},
  journal	= {Econometric Reviews},
  year		= {2005},
  note		= {Forthcoming},
  url           = {http://www.ci.tuwien.ac.at/~zeileis/papers/Zeileis-2005a.pdf}
}

@Article{BaiPerron2003,
  author	= {Jushan Bai and Pierre Perron},
  title		= {Computation and Analysis of Multiple Structural Change
  		   Models},
  journal	= {Journal of Applied Econometrics},
  year		= {2003},
  volume	= {18},
  pages		= {1--22}
}

@Article{Hawkins2001,
  author	= {Douglas M. Hawkins},
  title		= {Fitting Multiple Change-Point Models to Data},
  journal	= {Computational Statistics \& Data Analysis},
  year		= {2001},
  volume	= {37},
  pages		= {323--341}
}

@Article{Chong1995,
  author	= {Terence Tai-Leung Chong},
  title		= {Partial Parameter Consistency in a Misspecified
  		   Structural Change Model},
  journal	= {Economics Letters},
  year		= {1995},
  volume	= {49},
  pages		= {351--357}
}

@Article{ZeileisKleiberKraemer2003,
  author	= {Achim Zeileis and Christian Kleiber and Walter Kr{\"a}mer and
                   Kurt Hornik},
  title		= {Testing and Dating of Structural Changes in Practice},
  journal	= {Computational Statistics \& Data Analysis},
  year		= {2003},
  volume	= {44},
  number	= {1--2},
  pages		= {109--123}
}

@Article{Muggeo2003,
  author	= {Vito M. R. Muggeo},
  title		= {Estimating Regression Models With Unknown Break-Points},
  journal	= {Statistics in Medicine},
  year		= {2003},
  volume	= {22},
  pages		= {3055--3071}
}

@article{Choietal2005,
    author   = {Yunhee Choi and Hongshik Ahn and James J. Chen}, 
    title    = {Regression Trees for Analysis of Count Data With
                Extra Poisson Variation},
    journal  = {Computational Statistics \& Data Analysis},
    year     = 2005,
    volume   = 49,
    issue    = 3,
    pages    = {893--915}
}

@article{BreimanFriedman1985,
    author   = {Leo Breiman and Jerome H. Friedman},
    title    = {Estimating Optimal Transformations for 
                Multiple Regression and Correlation},
    journal  = {Journal of the American Statistical Association},
    year     = 1985,
    volume   = 80,
    number   = 391,
    pages    = {580--598}
}

@Article{Hansen1997,
  author	= {Bruce E. Hansen},
  title		= {Approximate Asymptotic {$p$} Values for Structural-Change
		   Tests},
  journal	= {Journal of Business \& Economic Statistics},
  year		= {1997},
  volume	= {15},
  pages		= {60--67}
}
