
@Article{Z-papers:Hothorn+Hornik+VanDeWiel:2006,
  author        = {Torsten Hothorn and Kurt Hornik and
                   Mark A. van de Wiel and Achim Zeileis},
  title         = {A {L}ego System for Conditional Inference},
  journal       = {The American Statistician},
  year          = {2006},
  volume        = {60},
  issue         = {3},
  pages         = {257--263},
  doi           = {10.1198/000313006X118430}
}


@Article{	  goodman1965,
  author	= {Leo A. Goodman},
  title		= {On Simultaneous Confidence Intervals for Multinomial
		  Proportions},
  journal	= {Technometrics},
  year		= 1965,
  volume	= 7,
  number	= 2,
  pages		= {247-254}
}

@Book{		  quinlan1993,
  author	= {John R. Quinlan},
  title		= {C4.5: Programs for Machine Learning},
  publisher	= {Morgan Kaufmann Publishers Inc.},
  address	= {San Mateo, California},
  year		= {1993}
}

@Article{	  kimloh2003,
  author	= {Hyunjoong Kim and Wei-Yin Loh},
  title		= {Classification Trees with Bivariate Linear Discriminant
		  Node Models},
  journal	= {Journal of Computational and Graphical Statistics},
  pages		= {512-530},
  year		= {2003},
  volume	= {12}
}

@Article{	  morgansonquist1963,
  key		= {538},
  author	= {James N. Morgan and John A. Sonquist},
  title		= {Problems in the analysis of survey data, and a proposal},
  journal	= {Journal of the American Statistical Association},
  pages		= {415-434},
  year		= {1963},
  volume	= {58}
}

@Article{	  bergerhsu1996,
  key		= {521},
  author	= {Roger L. Berger and Jason C. Hsu},
  title		= {Bioequivalence Trials, Intersection-Union Tests and
		  Equivalence Confidence Sets},
  journal	= {Statistical Science},
  year		= 1996,
  volume	= 11,
  number	= 4,
  pages		= {283-319},
  note		= {with discussion}
}

@Article{	  fieller1940,
  key		= {520},
  author	= {E. C. Fieller},
  title		= {The biological standardization of insulin},
  year		= 1940,
  journal	= {Journal of the Royal Statistical Society, Supplement},
  volume	= 7,
  pages		= {1-64}
}

@Book{		  agresti2002,
  key		= {514},
  author	= {Alan Agresti},
  title		= {Categorical Data Analysis},
  year		= 2002,
  edition	= {2nd},
  publisher	= {John Wiley \& Sons},
  address	= {Hoboken, New Jersey}
}

@Article{	  lausen2004,
  key		= {513},
  author	= {Berthold Lausen and Torsten Hothorn and Frank Bretz and
		  Martin Schumacher},
  title		= {Assessment of Optimal Selected Prognostic Factors},
  journal	= {Biometrical Journal},
  year		= {2004},
  volume	= {46},
  number	= {3},
  pages		= {364-374}
}

@Article{	  benchmarking2005,
  author	= {Torsten Hothorn and Friedrich Leisch and Achim Zeileis and
		  Kurt Hornik},
  year		= 2005,
  title		= {The Design and Analysis of Benchmark Experiments},
  journal	= {Journal of Computational and Graphical Statistics},
  volume	= 14,
  number	= 3,
  pages		= {675-699}
}

@Article{	  strehlghosh2002,
  key		= {473},
  author	= {Alexander Strehl and Joydeep Ghosh},
  title		= {Cluster Ensembles - {A} Knowledge Reuse Framework for
		  Combining Multiple Partitions},
  journal	= {Journal of Machine Learning Research},
  year		= {2003},
  volume	= {3},
  pages		= {583-617}
}

@Book{		  rasch1995,
  key		= {471},
  author	= {Dieter Rasch},
  title		= {Mathematische Statistik},
  publisher	= {Johann Ambrosius Barth Verlag},
  address	= {Heidelberg, Leipzig},
  year		= {1995}
}

@Article{	  whiteliu1994,
  key		= {470},
  author	= {Allan P. White and Wei Zhong Liu},
  title		= {Bias in Information-based Measures in Decision Tree
		  Induction},
  journal	= {Machine Learning},
  year		= {1994},
  volume	= {15},
  pages		= {321-329}
}

@Manual{	  rcore2004,
  title		= {\textsf{R}: A Language and Environment for Statistical
		  Computing},
  author	= {{R Development Core Team}},
  organization	= {R Foundation for Statistical Computing},
  address	= {Vienna, Austria},
  year		= 2004,
  note		= {{ISBN} 3-900051-00-3},
  url		= {http://www.R-project.org}
}

@Book{		  hosmerlemeshow2000,
  key		= {466},
  author	= {David W. Hosmer and Stanley Lemeshow},
  title		= {Applied Logistic Regression},
  publisher	= {John Wiley \& Sons},
  address	= {New York},
  edition	= {2nd},
  year		= {2000}
}

@Book{		  westfallyoung1993,
  key		= {463},
  author	= {Peter H. Westfall and S. Stanley Young},
  title		= {Resampling-based Multiple Testing},
  publisher	= {John Wiley \& Sons},
  address	= {New York},
  year		= {1993}
}

@Article{	  lohvanichsetakul1988,
  key		= {461},
  author	= {Wei-Yin Loh and Nunta Vanichsetakul},
  title		= {Tree-Structured Classification via Generalized
		  Discriminant Analysis},
  journal	= {Journal of the American Statistical Association},
  pages		= {715-725},
  note		= {with discussion},
  year		= {1988},
  volume	= {83}
}

@Article{	  lohshih1997,
  key		= {460},
  author	= {Wei-Yin Loh and Yu-Shan Shih},
  title		= {Split Selection Methods for Classification Trees},
  journal	= {Statistica Sinica},
  pages		= {815-840},
  year		= {1997},
  volume	= {7}
}

@Article{	  nohsongpark2004,
  key		= {458},
  author	= {Hyun Gon Noh and Moon Sup Song and Sung Hyun Park},
  title		= {An unbiased method for constructing multilabel
		  classification trees},
  journal	= {Computational Statistics \& Data Analysis},
  volume	= {47},
  number	= {1},
  pages		= {149-164},
  year		= {2004}
}

@Article{	  zhang1998,
  key		= {456},
  author	= {Heping Zhang},
  title		= {Classification Trees for Multiple Binary Responses},
  journal	= {Journal of the American Statistical Association},
  pages		= {180-193},
  year		= {1998},
  volume	= {93}
}

@Article{	  obrien2004,
  key		= {454},
  author	= {Sean M. O'Brien},
  title		= {Cutpoint Selection for Categorizing a Continuous
		  Predictor},
  journal	= {Biometrics},
  pages		= {504-509},
  year		= {2004},
  volume	= {60}
}

@InProceedings{	  dobragehrke2001,
  key		= {451},
  author	= {Alin Dobra and Johannes Gehrke},
  title		= {Bias Correction in Classification Tree Construction},
  booktitle	= {Proceedings of the Eighteenth International Conference on
		  Machine Learning},
  year		= {2001},
  isbn		= {1-55860-778-1},
  pages		= {90-97},
  publisher	= {Morgan Kaufmann Publishers Inc.}
}

@InProceedings{	  frankwitten1998,
  key		= {450},
  author	= {Eibe Frank and Ian H. Witten},
  title		= {Using a Permutation Test for Attribute Selection in
		  Decision Trees},
  booktitle	= {Proceedings of the Fifteenth International Conference on
		  Machine Learning},
  year		= {1998},
  isbn		= {1-55860-556-8},
  pages		= {152--160},
  publisher	= {Morgan Kaufmann Publishers Inc.}
}

@Article{	  jensencohen2000,
  key		= {449},
  author	= {David D. Jensen and Paul R. Cohen},
  title		= {Multiple Comparisons in Induction Algorithms},
  journal	= {Machine Learning},
  pages		= {309-338},
  year		= {2000},
  volume	= {38}
}

@Article{	  strasserweber1999,
  key		= {448},
  author	= {Helmut Strasser and Christian Weber},
  title		= {On the asymptotic theory of permutation statistics},
  journal	= {Mathematical Methods of Statistics},
  pages		= {220-250},
  year		= {1999},
  volume	= {8}
}

@Article{	  murthy1998,
  key		= {447},
  author	= {Sreerama K. Murthy},
  title		= {Automatic Construction of Decision Trees from Data: A
		  Multi-Disciplinary Survey},
  journal	= {Data Mining and Knowledge Discovery},
  pages		= {345-389},
  year		= {1998},
  volume	= {2}
}

@Article{	  loh2002,
  key		= {446},
  author	= {Wei-Yin Loh},
  title		= {Regression Trees With Unbiased Variable Selection And
		  Interaction Detection},
  journal	= {Statistica Sinica},
  pages		= {361-386},
  year		= {2002},
  volume	= {12}
}

@Article{	  shih1999,
  key		= {444},
  author	= {Y.-S. Shih},
  title		= {Families of splitting criteria for classification trees},
  journal	= {Statistics and Computing},
  pages		= {309-315},
  year		= {1999},
  volume	= {9}
}

@Article{	  martin1997,
  key		= {443},
  author	= {J. Kent Martin},
  title		= {An Exact Probability Metric for Decision Tree Splitting
		  and Stopping},
  journal	= {Machine Learning},
  pages		= {257-291},
  year		= {1997},
  volume	= {28}
}

@Article{	  shih2004,
  key		= {442},
  author	= {Y.-S. Shih},
  title		= {A note on split selection bias in classification trees},
  journal	= {Computational Statistics \& Data Analysis},
  pages		= {457-466},
  year		= {2004},
  volume	= {45}
}

@Article{	  kass1980,
  key		= {441},
  author	= {G.V. Kass},
  title		= {An Exploratory Technique for Investigating Large
		  Quantities of Categorical Data},
  journal	= {Applied Statistics},
  pages		= {119-127},
  year		= {1980},
  volume	= {29},
  number	= {2}
}

@Article{	  mingers1987,
  key		= {438},
  author	= {John Mingers},
  title		= {Expert Systems -- Rule Induction with Statistical Data},
  journal	= {Journal of the Operations Research Society},
  pages		= {39-47},
  year		= {1987},
  volume	= {38},
  number	= 1
}

@Article{	  death2002,
  key		= {436},
  author	= {Glenn De'ath},
  title		= {Multivariate Regression Trees: A New Technique For
		  Modeling Species-Environment Relationships},
  journal	= {Ecology},
  pages		= {1105-1117},
  year		= {2002},
  volume	= {83},
  number	= {4}
}

@Misc{		  blake+merz:1998,
  key		= {339},
  author	= {C.L. Blake and C.J. Merz},
  title		= {{UCI} Repository of machine learning databases},
  year		= {1998},
  url		= {http://www.ics.uci.edu/~mlearn/MLRepository.html},
  institution	= {University of California, Irvine, Dept. of Information and
		  Computer Sciences}
}

@Article{	  molinarodudiotvdlaan2003,
  key		= {394},
  author	= {Annette M. Molinaro and Sandrine Dudoit and Mark J. van
		  der Laan},
  title		= {Tree-Based Multivariate Regression and Density Estimation
		  with Right-Censored Data},
  year		= {2004},
  journal	= {Journal of Multivariate Analysis},
  pages		= {154-177},
  volume	= {90},
  number	= {1}
}

@Article{	  rnews:peters+hothorn+lausen:2002,
  key		= {308},
  author	= {Andrea Peters and Torsten Hothorn and Berthold Lausen},
  title		= {ipred: Improved Predictors},
  journal	= {R News},
  pages		= {33-36},
  year		= {2002},
  month		= {June},
  volume	= 2,
  number	= 2,
  note		= {{ISSN} 1609-3631},
  url		= {http://CRAN.R-project.org/doc/Rnews/}
}

@TechReport{	  an-introdu:1997,
  key		= {221},
  author	= {Terry M. Therneau and Elizabeth J. Atkinson},
  title		= {An Introduction to Recursive Partitioning using the rpart
		  Routine},
  institution	= {Section of Biostatistics, Mayo Clinic},
  year		= {1997},
  address	= {Rochester},
  number	= {61},
  url		= {http://www.mayo.edu/hsr/techrpt/61.pdf}
}

@Book{		  classifica:1984,
  key		= {204},
  author	= {L. Breiman and J. H. Friedman and R. A. Olshen and C. J.
		  Stone},
  title		= {Classification and Regression Trees},
  year		= {1984},
  publisher	= {Wadsworth},
  address	= {California}
}

@Article{	  classifica:2001,
  key		= {192},
  author	= {Hyunjoong Kim and Wei-Yin Loh},
  title		= {Classification Trees With Unbiased Multiway Splits},
  journal	= {Journal of the American Statistical Association},
  pages		= {589-604},
  year		= {2001},
  month		= {June},
  volume	= {96},
  number	= {454}
}

@Article{	  maximally-:1982,
  key		= {91},
  author	= {Rupert Miller and David Siegmund},
  title		= {Maximally Selected Chi Square Statistics},
  journal	= {Biometrics},
  pages		= {1011-1016},
  year		= {1982},
  volume	= {38}
}

@Article{	  maximally-:1992,
  key		= {71},
  author	= {Berthold Lausen and Martin Schumacher},
  title		= {Maximally Selected Rank Statistics},
  journal	= {Biometrics},
  pages		= {73-85},
  year		= {1992},
  volume	= {48}
}

@Article{	  new-glauco:2003,
  key		= {364},
  author	= {Christian Y. Mardin and Torsten Hothorn and Andrea Peters
		  and Anselm G J{\"u}nemann and Nhung X Nguyen and Berthold
		  Lausen},
  title		= {New Glaucoma Classification Method based on standard {HRT}
		  parameters by bagging classification trees},
  journal	= {Journal of Glaucoma},
  pages		= {340-346},
  year		= {2003},
  volume	= {12},
  number	= {4}
}

@Article{	  numerical-:1992,
  key		= {116},
  author	= {Alan Genz},
  title		= {Numerical computation of multivariate normal
		  probabilities},
  journal	= {Journal of Computational and Graphical Statistics},
  pages		= {141-149},
  year		= {1992},
  volume	= {1}
}

@Article{	  regression:1988,
  key		= {258},
  author	= {Mark Robert Segal},
  title		= {Regression Trees for Censored Data},
  journal	= {Biometrics},
  pages		= {35-47},
  year		= {1988},
  volume	= {44}
}

@Article{	  relative-r:1992,
  key		= {250},
  author	= {Michael LeBlanc and John Crowley},
  title		= {Relative Risk Trees for Censored Survival Data},
  journal	= {Biometrics},
  pages		= {411-425},
  year		= {1992},
  month		= {June},
  volume	= {48}
}

@InCollection{	  statistics:2001a,
  key		= {252},
  author	= {Martin Schumacher and Norbert Holl\"ander and Guido
		  Schwarzer and Willi Sauerbrei},
  editor	= {John Crowley},
  title		= {Prognostic Factor Studies},
  booktitle	= {Statistics in Clinical Oncology},
  pages		= {321-378},
  year		= {2001},
  publisher	= {Marcel Dekker},
  address	= {New York, Basel}
}

@Article{	  survival-t:1993,
  key		= {257},
  author	= {Michael LeBlanc and John Crowley},
  title		= {Survival Trees by Goodness of Split},
  journal	= {Journal of the American Statistical Association},
  pages		= {457-467},
  year		= {1993},
  volume	= {88},
  number	= {422}
}
