
@article{Strobl_Malley_Tutz_2009,
  title = {An Introduction to Recursive Partitioning: 
           Rationale, Application, and Characteristics of 
           Classification and Regression Trees, Bagging, and Random forests},
  author = {Carolin Strobl and James Malley and Gerhard Tutz},
  journal = {Psychological Methods}, 
  volume = 14,
  number = 4,
  year = 2009,
  pages = {323--348},
  doi = {10.1037/a0016973},
  gs = {4471431689740842229}
}

@article{Strobl_Boulesteix_Kneib_2008,
  title = {Conditional Variable Importance for Random Forests},
  volume = {9},
  url = {http://www.biomedcentral.com/1471-2105/9/307},
  doi = {10.1186/1471-2105-9-307},
  number = {1},
  journal = {BMC Bioinformatics},
  author = {Carolin Strobl and Anne-Laure Boulesteix and Thomas Kneib and 
            Thomas Augustin and Achim Zeileis},
  year = {2008},
  pages = {307},
  gs = {11445232030953797604}
}